@book{Sakurai1994Modern,
    ids = {Sakurai},
    address = {Reading, Massachusetts},
    author = {Sakurai, J. J.},
    booktitle = {Modern Quantum Mechanics},
    publisher = {Addison-Wesley},
    title = {{Modern Quantum Mechanics}},
    year = {1994},
    edition = {Revised Edition}
}

@book{Nolting2004Grundkurs,
    ids = {Nolting},
    address = {Berlin, Heidelberg},
    author = {Wolfgang Nolting},
    booktitle = {Grundkurs Theoretische Physik 5/1},
    publisher = {Springer},
    title = {{Quantenmechanik -- Grundlagen}},
    year = {2004},
    edition = {6. Auflage}
}